@inproceedings{Wolfl2015,
 author = {Wolfl, Andreas and Siegmund, Norbert and Apel, Sven and Kosch, Harald and Krautlager, Johann and Weber-Urbina, Guillermo},
 title = {Generating Qualifiable Avionics Software: An Experience Report (E)},
 booktitle = {Proceedings of the 2015 30th IEEE/ACM International Conference on Automated Software Engineering (ASE)},
 series = {ASE '15},
 year = {2015},
 isbn = {978-1-5090-0025-8},
 pages = {726--736},
 numpages = {11},
 url = {http://dx.doi.org/10.1109/ASE.2015.35},
 doi = {10.1109/ASE.2015.35},
 acmid = {2916189},
 publisher = {IEEE Computer Society},
 address = {Washington, DC, USA},
} 

@article{Schmid2004,
 author = {Schmid, Klaus and John, Isabel},
 title = {A Customizable Approach to Full Lifecycle Variability Management},
 journal = {Sci. Comput. Program.},
 issue_date = {December 2004},
 volume = {53},
 number = {3},
 month = dec,
 year = {2004},
 issn = {0167-6423},
 pages = {259--284},
 numpages = {26},
 url = {http://dx.doi.org/10.1016/j.scico.2003.04.002},
 doi = {10.1016/j.scico.2003.04.002},
 acmid = {1044352},
 publisher = {Elsevier North-Holland, Inc.},
 address = {Amsterdam, The Netherlands, The Netherlands},
} 

@article{vonRhein2016,
title = "Variability encoding: From compile-time to load-time variability ",
journal = "Journal of Logical and Algebraic Methods in Programming ",
volume = "85",
number = "1, Part 2",
pages = "125 - 145",
year = "2016",
note = "Formal Methods for Software Product Line Engineering ",
issn = "2352-2208",
doi = "http://dx.doi.org/10.1016/j.jlamp.2015.06.007",
url = "http://www.sciencedirect.com/science/article/pii/S2352220815000577",
author = "Alexander von Rhein and Thomas Thüm and Ina Schaefer and Jörg Liebig and Sven Apel",
}

@article{IATA,
 author = {{International Air Transport Association}},
 title = {Standard Schedules Information Manual},
 journal = {Issued Montreal — Geneva Ref. No: 9179-21},
 year = {2011},
} 

@book{Pohl2005,
 author = {Pohl, Klaus and B\"{o}ckle, G\"{u}nter and Linden, Frank J. van der},
 title = {Software Product Line Engineering: Foundations, Principles and Techniques},
 year = {2005},
 isbn = {3540243720},
 publisher = {Springer-Verlag New York, Inc.},
 address = {Secaucus, NJ, USA},
} 

@article{Hevner2004,
 author = {Hevner, Alan R. and March, Salvatore T. and Park, Jinsoo and Ram, Sudha},
 title = {Design Science in Information Systems Research},
 journal = {MIS Q.},
 issue_date = {March 2004},
 volume = {28},
 number = {1},
 month = mar,
 year = {2004},
 issn = {0276-7783},
 pages = {75--105},
 numpages = {31},
 url = {http://dl.acm.org/citation.cfm?id=2017212.2017217},
 acmid = {2017217},
 publisher = {Society for Information Management and The Management Information Systems Research Center},
 address = {Minneapolis, MN, USA},
 keywords = {business environment, creativity, design artifact, design science, experimental methods, information systems research methodologies, search strategies, technology infrastructure},
} 

@article{Bachmann2001,
 author = {Bachmann, Felix and Bass, Len},
 title = {Managing Variability in Software Architectures},
 journal = {SIGSOFT Softw. Eng. Notes},
 issue_date = {May 2001},
 volume = {26},
 number = {3},
 month = may,
 year = {2001},
 issn = {0163-5948},
 pages = {126--132},
 numpages = {7},
 url = {http://doi.acm.org/10.1145/379377.375274},
 doi = {10.1145/379377.375274},
 acmid = {375274},
 publisher = {ACM},
 address = {New York, NY, USA},
 keywords = {product lines, requirement analysis, software architecture, strategic reuse, variability, variation points},
} 

@inproceedings{vandenHeuvel2007,
 author = {van den Heuvel, Willem-Jan and Weigand, H. and Hiel, Marcel},
 title = {Configurable Adapters: The Substrate of Self-adaptive Web Services},
 booktitle = {Proceedings of the Ninth International Conference on Electronic Commerce},
 series = {ICEC '07},
 year = {2007},
 isbn = {978-1-59593-700-1},
 location = {Minneapolis, MN, USA},
 pages = {127--134},
 numpages = {8},
 url = {http://doi.acm.org/10.1145/1282100.1282127},
 doi = {10.1145/1282100.1282127},
 acmid = {1282127},
 publisher = {ACM},
 address = {New York, NY, USA},
 keywords = {adapters, autonomic computing, process mediation, web services},
} 

@inproceedings{JillesVanGurp2001,
 author = {Jilles Van Gurp and Bosch, Jan and Svahnberg, Mikael},
 title = {On the Notion of Variability in Software Product Lines},
 booktitle = {Proceedings of the Working IEEE/IFIP Conference on Software Architecture},
 series = {WICSA '01},
 year = {2001},
 isbn = {0-7695-1360-3},
 pages = {45--},
 url = {http://dx.doi.org/10.1109/WICSA.2001.948406},
 doi = {10.1109/WICSA.2001.948406},
 acmid = {837401},
 publisher = {IEEE Computer Society},
 address = {Washington, DC, USA},
}

@article{Gacek2001,
 author = {Gacek, Critina and Anastasopoules, Michalis},
 title = {Implementing Product Line Variabilities},
 journal = {SIGSOFT Softw. Eng. Notes},
 issue_date = {May 2001},
 volume = {26},
 number = {3},
 month = may,
 year = {2001},
 issn = {0163-5948},
 pages = {109--117},
 numpages = {9},
 url = {http://doi.acm.org/10.1145/379377.375269},
 doi = {10.1145/379377.375269},
 acmid = {375269},
 publisher = {ACM},
 address = {New York, NY, USA},
 keywords = {implementation approaches, implementing variabilities, product line variability, software product lines, traceability},
} 

@book{Gamma1995,
 author = {Gamma, Erich and Helm, Richard and Johnson, Ralph and Vlissides, John},
 title = {Design Patterns: Elements of Reusable Object-oriented Software},
 year = {1995},
 isbn = {0-201-63361-2},
 publisher = {Addison-Wesley Longman Publishing Co., Inc.},
 address = {Boston, MA, USA},
} 

@book{Wohlin2000,
 author = {Wohlin, Claes and Runeson, Per and H\"{o}st, Martin and Ohlsson, Magnus C. and Regnell, Bj\"{o}orn and Wessl{\'e}n, Anders},
 title = {Experimentation in Software Engineering: An Introduction},
 year = {2000},
 isbn = {0-7923-8682-5},
 publisher = {Kluwer Academic Publishers},
 address = {Norwell, MA, USA},
} 


@book{tanenbaum,
 author = {Tanenbaum, Andrew S. and Steen, Maarten van},
 title = {Distributed Systems: Principles and Paradigms (2Nd Edition)},
 year = {2006},
 isbn = {0132392275},
 publisher = {Prentice-Hall, Inc.},
 address = {Upper Saddle River, NJ, USA},
} 

@INPROCEEDINGS{using, 
author={Antoni, L. and Leveugle, R. and Feher, B.}, 
booktitle={Defect and Fault Tolerance in VLSI Systems, 2002. DFT 2002. Proceedings. 17th IEEE International Symposium on}, 
title={Using run-time reconfiguration for fault injection in hardware prototypes}, 
year={2002}, 
month={}, 
pages={245-253}, 
keywords={VLSI;fault tolerance;field programmable gate arrays;hardware description languages;integrated circuit design;integrated memory circuits;network routing;radiation effects;reconfigurable architectures;SEU;design description;fault injection;hardware overheads;hardware prototypes;memory elements;particle hits;radiation;reconfigurable hardware;route phases;run-time reconfiguration;Circuit faults;Circuit synthesis;Circuit testing;Field programmable gate arrays;Hardware;Laboratories;Power system modeling;Prototypes;Runtime;Single event upset}, 
doi={10.1109/DFTVS.2002.1173521}, 
ISSN={1550-5774},}

@misc{simian,
author = {C. Bennett and A. Tseitlin},
title = {Chaos monkey released into the wild},
year={(July 30. 2012)},
publisher = {Netﬂix tech blog},
howpublished = "\url{http://techblog.netflix.com/2012/07/chaos-monkey-released-into-wild.html}"
}

@article{gunawi2011failure,
  title={Failure as a service (faas): A cloud service for large-scale, online failure drills},
  author={Gunawi, Haryadi S and Do, Thanh and Hellerstein, Joseph M and Stoica, Ion and Borthakur, Dhruba and Robbins, Jesse},
  journal={University of California, Berkeley, Berkeley},
  volume={3},
  year={2011}
}

@article{woskowskiassessing,
  title={Assessing the Applicability of the Let-it-Crash Paradigm for Safety-Related Software Development},
  author={Woskowski, Christoph and Trzeciecki, Mikolaj and Schwedes, Florian}
}


@inproceedings{FaaS,
 author = {Faghri, Faraz and Bazarbayev, Sobir and Overholt, Mark and Farivar, Reza and Campbell, Roy H. and Sanders, William H.},
 title = {Failure Scenario As a Service (FSaaS) for Hadoop Clusters},
 booktitle = {Proceedings of the Workshop on Secure and Dependable Middleware for Cloud Monitoring and Management},
 series = {SDMCMM '12},
 year = {2012},
 isbn = {978-1-4503-1615-6},
 location = {Montreal, Quebec, Canada},
 pages = {5:1--5:6},
 articleno = {5},
 numpages = {6},
 publisher = {ACM},
 address = {New York, NY, USA},
 keywords = {Hadoop, MapReduce, cloud computing, failure injection, reliability},
} 


@misc{AnarchyApe,
title     = "AnarchyApe",
howpublished =  "\url{https://github.com/david78k/anarchyape/}"
}


@article{designresearch,
        author={Collins,Allan and Joseph,Diana and Bielaczyc,Katerine},
        year={2004},
        title={Design Research: Theoretical and Methodological Issues},
        journal={Journal of the Learning Sciences},
        volume={13},
        number={1},
        pages={15-42},
        isbn={1050-8406},
        language={English},
        url={www.summon.com},
}





@article{systematic,
        author={Kitchenham,Barbara and Pearl Brereton,O. and Budgen,David and Turner,Mark and Bailey,John and Linkman,Stephen},
        year={2009},
        title={Systematic literature reviews in software engineering – A systematic literature review},
        journal={Information and Software Technology},
        volume={51},
        number={1},
        pages={7-15},
        isbn={0950-5849},
        language={English},
        url={www.summon.com},
}
}




@article{guidelines,
        author={Kitchenham,B. A. and Pfleeger,S. L. and Pickard,L. M. and Jones,P. W. and Hoaglin,D. C. and El Emam,K. and Rosenberg,J.},
        year={2002},
        title={Preliminary guidelines for empirical research in software engineering},
        journal={IEEE Transactions on Software Engineering},
        volume={28},
        number={8},
        pages={721-734},
        isbn={0098-5589},
        language={English},
        url={www.summon.com},
}
}




@book{experimentation,
        author={Wohlin,Claes and Ohlsson,Magnus C. and Wesslén,Anders and Höst,Martin and Runeson,Per and Regnell,Björn and School of Computing and Blekinge Tekniska Högskola and Blekinge Institute of Technology and Sektionen för datavetenskap och kommunikation},
        year={2012},
        title={Experimentation in Software Engineering},
        isbn={3642290434; 9783642290435},
        language={English},
        url={www.summon.com},
}
}



@article{random,
        author={Arcuri,A. and Iqbal,M. Z. and Briand,L.},
        year={2012; 2011},
        title={Random Testing: Theoretical Results and Practical Implications},
        journal={IEEE Transactions on Software Engineering},
        volume={38},
        number={2},
        pages={258-277},
        isbn={0098-5589},
        language={English},
        url={www.summon.com},
}
}




@misc{ software,
author={Saini,Dinesh K.},
        year={2012},
        title={Software Testing for Embedded Systems},
        journal={International Journal of Computer Applications},
        volume={43},
        number={17},
        pages={1-6},
        abstract={  In the recent years, embedded systems have become so complex that the development and testing time is becoming extremely time consuming. As embedded systems include more and more functions for new services, embedded systems are presenting challenges with respect to the attributes of security, scalability availability, and performance with deterministic behavior. This paper presents the issues that affect testing process and technologies, which can be ameliorated by Rational Test Real-Time (RT-RT). Generally Object Oriented Approach is adopted while designing the embedded systems so all the architectural specification is analyzed in the paper.;   In the recent years, embedded systems have become so complex that the development and testing time is becoming extremely time consuming. As embedded systems include more and more functions for new services, embedded systems are presenting challenges with respect to the attributes of security, scalability availability, and performance with deterministic behavior. This paper presents the issues that affect testing process and technologies, which can be ameliorated by Rational Test Real-Time (RT-RT). Generally Object Oriented Approach is adopted while designing the embedded systems so all the architectural specification is analyzed in the paper.},
        isbn={0975-8887},
        language={English},
        url={www.summon.com},
}

@inproceedings{dawson1996testing,
  title={Testing of fault-tolerant and real-time distributed systems via protocol fault injection},
  author={Dawson, Scott and Jahanian, Farnam and Mitton, Todd and Tung, Teck-Lee},
  booktitle={Fault Tolerant Computing, 1996., Proceedings of Annual Symposium on},
  pages={404--414},
  year={1996},
  organization={IEEE}
}

@INPROCEEDINGS{towards, 
author={Fredericks, E.M. and Ramirez, A.J. and Cheng, B.H.C.}, 
booktitle={Software Engineering for Adaptive and Self-Managing Systems (SEAMS), 2013 ICSE Workshop on}, 
title={Towards run-time testing of dynamic adaptive systems}, 
year={2013}, 
month={May}, 
pages={169-174}, 
keywords={formal specification;formal verification;program testing;DAS constraint;DAS requirement;dynamic adaptive system;requirements-aware DAS;run-time monitoring;run-time testing;test adaptation;Adaptive systems;Context;Monitoring;Planning;Smart homes;Software;Testing}, 
doi={10.1109/SEAMS.2013.6595504}, 
ISSN={2157-2305},}


@misc{availability,
        author={Ericsson},
        title={{High Availability is more than five nines}},
        year={2014},
          urldate={2015-02-16},
        howpublished ="\url{http://www.ericsson.com/real-performance/wp-content/uploads/sites/3/2014/07/high-avaialbility.pdf}",
}

@misc{pmf,
        author={Ericsson},
        title={{PM FrameWork Documentation}},
        year={2014},
          urldate={2015-02-16},
        howpublished ="\url{https://vkia.rnd.ericsson.se/proj/crbs/hd_pm_fwk/doc/LATEST/introduction.html}",
}

@misc{lessons,
        author={Netflix},
        title={{5 Lessons Weve Learned Using AWS}},
        year={December 2010},
        howpublished ="\url{http://techblog.netflix.com/2010/12/5-lessons-weve-learned-using-aws.html}",
}

@misc{Unit_testing,
        title={{Unit testing}},
        howpublished ="\url{http://en.wikipedia.org/wiki/Unit_testing}",
}

@misc{Mock_object,
       
        title={{Mock Object}},
        howpublished ="\url{http://en.wikipedia.org/wiki/Mock_object}",
}

@misc{Wireless,
       
        title={{Wireless 802.11n}},
        howpublished ="\url{https://en.wikipedia.org/wiki/IEEE_802.11n-2009}",
}

@article{Binder1994,
 author = {Binder, Robert V.},
 title = {Object-oriented Software Testing},
 journal = {Commun. ACM},
 issue_date = {Sept. 1994},
 volume = {37},
 number = {9},
 month = sep,
 year = {1994},
 issn = {0001-0782},
 pages = {28--29},
 numpages = {2},
 url = {http://doi.acm.org/10.1145/182987.182988},
 doi = {10.1145/182987.182988},
 acmid = {182988},
 publisher = {ACM},
 address = {New York, NY, USA},
} 

@article{Ali2014,
 author = {Ali, Midhat and Bertolino, Antonia and De Angelis, Francesco and De Angelis, Guglielmo and Fani, Daniele and Polini, Andrea},
 title = {An Extensible Framework for Online Testing of Choreographed Services},
 journal = {Computer},
 issue_date = {February 2014},
 volume = {47},
 number = {2},
 month = feb,
 year = {2014},
 issn = {0018-9162},
 pages = {23--29},
 numpages = {7},
 publisher = {IEEE Computer Society Press},
} 

@ARTICLE{Bertolino2012, 
author={A. Bertolino and G. De Angelis and S. Kellomaki and A. Polini}, 
journal={Computer}, 
title={Enhancing Service Federation Trustworthiness through Online Testing}, 
year={2012}, 
volume={45}, 
number={1}, 
pages={66-72}, 
ISSN={0018-9162}, 
month={Jan},}

@incollection{Mackinnon2001,
 author = {Mackinnon, Tim and Freeman, Steve and Craig, Philip},
 chapter = {Endo-testing: Unit Testing with Mock Objects},
 title = {Extreme Programming Examined},
 editor = {Succi, Giancarlo and Marchesi, Michele},
 year = {2001},
 isbn = {0-201-71040-4},
 pages = {287--301},
 numpages = {15},
 url = {http://dl.acm.org/citation.cfm?id=377517.377534},
 acmid = {377534},
 publisher = {Addison-Wesley Longman Publishing Co., Inc.},
 address = {Boston, MA, USA},
} 

@inproceedings{Canini2011,
 author = {Canini, Marco and Jovanovi\'{c}, Vojin and Venzano, Daniele and Novakovi\'{c}, Dejan and Kosti\'{c}, Dejan},
 title = {Online Testing of Federated and Heterogeneous Distributed Systems},
 booktitle = {Proceedings of the ACM SIGCOMM 2011 Conference},
 series = {SIGCOMM '11},
 year = {2011},
 isbn = {978-1-4503-0797-0},
 location = {Toronto, Ontario, Canada},
 pages = {434--435},
 numpages = {2},
 url = {http://doi.acm.org/10.1145/2018436.2018507},
 doi = {10.1145/2018436.2018507},
 acmid = {2018507},
 publisher = {ACM},
 address = {New York, NY, USA},
 keywords = {fault detection, federated and heterogeneous distributed systems, online testing},
}

@INPROCEEDINGS{Wang2002, 
author={Qianxiang Wang and Feng Chen and Hong Mei and Fuqing Yang}, 
booktitle={Software Maintenance, 2002. Proceedings. International Conference on}, 
title={An application server to support online evolution}, 
year={2002}, 
pages={131-140}, 
keywords={software architecture;software maintenance;software reliability;software reusability;PKUAS;application server;functional requirements;global constraint requirements;local constraint requirements;online evolution;runtime environment;software architecture;software components;software maintenance;software reliability;Aerospace electronics;Application software;Computer bugs;Computer science;Containers;Operating systems;Prototypes;Runtime environment;Software prototyping;System software}, 
doi={10.1109/ICSM.2002.1167760}, 
ISSN={1063-6773}, 
month={},}

@article{Seaman2008,
 author = {Seaman, Carolyn B.},
 title = {Software Maintenance: Concepts and Practice Authored by Penny Grubb and Armstrong A. Takang World Scientific, New Jersey. Copyright \&Copy; 2003; 349 Pages ISBN 981-238-426-X (Paperback) US\&Dollar;40},
 journal = {J. Softw. Maint. Evol.},
 issue_date = {November 2008},
 volume = {20},
 number = {6},
 month = nov,
 year = {2008},
 issn = {1532-060X},
 pages = {463--466},
 numpages = {4},
 url = {http://dx.doi.org/10.1002/smr.v20:6},
 doi = {10.1002/smr.v20:6},
 acmid = {1464379},
 publisher = {John Wiley \& Sons, Inc.},
 address = {New York, NY, USA},
} 

@INPROCEEDINGS{combination, 
author={Y. K. Malaiya}, 
booktitle={Software Reliability Engineering, 1995. Proceedings., Sixth International Symposium on}, 
title={Antirandom testing: getting the most out of black-box testing}, 
year={1995}, 
pages={86-95}, 
ISSN={1071-9458}, 
month={Oct},}

@INPROCEEDINGS{verification_testing, 
author={A. Metzger and E. Schmieders and O. Sammodi and K. Pohl}, 
booktitle={Software Services and Systems Research - Results and Challenges (S-Cube), 2012 Workshop on European}, 
title={Verification and testing at run-time for online quality prediction}, 
year={2012}, 
pages={49-50}, 
month={June},}


        @misc{hadoop,
       
        title={{Apache Hadoop}},
        howpublished ="\url{http://en.wikipedia.org/wiki/Apache_Hadoop}",
}


@misc{mapreduce,
       
        title={{MapReduce}},
        howpublished ="\url{http://en.wikipedia.org/wiki/MapReduce}",
}


@inproceedings{combinationtesting,
  title={Increasing Efficiency of ISO 26262 Verification and Validation by Combining Fault Injection and Mutation Testing with Model based Development.},
  author={Rana, Rakesh and Staron, Miroslaw and Berger, Christian and Hansson, J{\"o}rgen and Nilsson, Martin and T{\"o}rner, Fredrik},
  booktitle={ICSOFT},
  pages={251--257},
  year={2013}
}

@ARTICLE{hsueh, 
author={Mei-Chen Hsueh and Tsai, T.K. and Iyer, R.K.}, 
journal={Computer}, 
title={Fault injection techniques and tools}, 
year={1997}, 
month={Apr}, 
volume={30}, 
number={4}, 
pages={75-82}, 
doi={10.1109/2.585157}, 
ISSN={0018-9162},}

@inproceedings{rana2013improving,
  title={Improving Fault Injection in Automotive Model Based Development using Fault Bypass Modeling.},
  author={Rana, Rakesh and Staron, Miroslaw and Berger, Christian and Hansson, J{\"o}rgen and Nilsson, Martin and T{\"o}rner, Fredrik},
  booktitle={GI-Jahrestagung},
  pages={2577--2591},
  year={2013}
}




@article{deterministic, 
        author={Avritzer,Alberto and Larson,Brian},
        year={1993},
        title={Load testing software using deterministic state testing},
        journal={ACM SIGSOFT Software Engineering Notes},
        volume={18},
        number={3},
        pages={82-88},
                isbn={0163-5948},
        language={English},
}



@INPROCEEDINGS{nondeterministic, 
author={P. Ramachandran and P. Kudva and J. Kellington and J. Schumann and P. Sanda}, 
booktitle={2008 IEEE International Conference on Dependable Systems and Networks With FTCS and DCC (DSN)}, 
title={Statistical Fault Injection}, 
year={2008}, 
pages={122-127}, 
ISSN={1530-0889}, 
month={June},}

@misc{connected_deveices,
        author={Ericsson},
        title={{Mobility Report}},
        year={2015},
          urldate={2015-06-1},
        howpublished ="\url{http://www.ericsson.com/res/docs/2015/ericsson-mobility-report-june-2015.pdf}",
}


@book{  software_arch,
        author={Bass,Len and Clements,Paul and Kazman,Rick},
        year={2012},
        title={Software architecture in practice},
        publisher={Addison-Wesley},
        address={Upper Saddle River, N.J},
        edition={3.},
        keywords={Datorprogram Utveckling; Software architecture;          Datorarkitektur; Computer architecture; Computer software Development;    Software development; System design; Programvara Utveckling},
        isbn={9780321815736; 0321815734},
        language={English},
}




@article{testselectionnondeterministic,
        author={Luo,Gang and von Bochmann,G. and Petrenko,A.},
        year={1994},
        title={Test selection based on communicating nondeterministic finite-state machines using a generalized Wp-method},
        journal={IEEE Transactions on Software Engineering},
        volume={20},
        number={2},
        pages={149-162},
        isbn={0098-5589},
        language={English},
 
}
}


@inproceedings{feldt2010validity,
  title={Validity Threats in Empirical Software Engineering Research-An Initial Survey.},
  author={Feldt, Robert and Magazinius, Ana},
  booktitle={SEKE},
  pages={374--379},
  year={2010}
}



@article{robust,
        author={Mariani,Riccardo and Boschi,Gabriele},
        year={2005},
        title={A system-level approach for embedded memory robustness},
        journal={Solid State Electronics},
        volume={49},
        number={11},
        pages={1791-1798},
        
        isbn={0038-1101},
        language={English},
        }
}





@article{robust2,
        author={Vadlamudi,Satya G. and Chakrabarti,Partha P.},
        year={2014},
        title={Robustness Analysis of Embedded Control Systems with Respect to Signal Perturbations: Finding Minimal Counterexamples Using Fault Injection},
        journal={IEEE Transactions on Dependable and Secure Computing},
        volume={11},
        number={1},
        pages={45-58},
        isbn={1545-5971},
        language={English},
  }
}

@article{criticalsys_dep,
        author={Samuel,Anil A. and N,Jayalal and B,Valsa and C.A,Ignatious and Zachariah,John P.},
        year={2013},
        title={Software Fault Injection Testing of the Embedded Software of a Satellite Launch Vehicle},
        journal={IEEE Potentials},
        volume={32},
        number={5},
        pages={38-44},
        isbn={0278-6648},
        language={English},
	}

